% This file was created with JabRef 2.7.2.
% Encoding: Cp1252

@MANUAL{raphaelallais,
  title = {raphael.allais.eu},
  author = {Raphael ALLAIS},
  owner = {poiree-r},
  timestamp = {2013.12.21},
  url = {raphael.allais.eu}
}

@MISC{animation_eiffel_lille,
  author = {CPGE - Lycée Gustave Eiffel - Armentières},
  owner = {poiree-r},
  timestamp = {2014.01.13},
  url = {\url{http://www2c.ac-lille.fr/eiffel/cpge/animation-i.html}}
}

@BOOK{Roques2013,
  title = {Modelisation de systemes complexes avec SysML},
  publisher = {Eyrolles},
  year = {2013},
  editor = {Eyrolles},
  author = {Pascal Roques},
  owner = {poiree-r},
  timestamp = {2013.12.28}
}

@MANUAL{AF-Virely,
  title = {L'Analyse Fonctionnelle},
  author = {Jean-Marie VIRELY},
  organization = {ENS Cachan},
  owner = {poiree-r},
  timestamp = {2013.12.22}
}

@MANUAL{information-complexe-complique,
  title = {http://www.simplixi.fr/difference-complexe-et-complique/},
  owner = {poiree-r},
  timestamp = {2013.12.22},
  url = {http://www.simplixi.fr/difference-complexe-et-complique/}
}

@OTHER{testbiblio,
  owner = {poiree-r},
  timestamp = {2013.12.21},
  url = {www.lemonde.fr}
}

@comment{jabref-meta: selector_review:}

@comment{jabref-meta: selector_publisher:}

@comment{jabref-meta: selector_author:}

@comment{jabref-meta: selector_journal:}

@comment{jabref-meta: selector_keywords:}

